%مراجع خود را در این قسمت وارد کنید.

@article{Mijumbi2016,
  doi = {10.1109/comst.2015.2477041},
  url = {https://doi.org/10.1109/comst.2015.2477041},
  year  = {2016},
  publisher = {Institute of Electrical and Electronics Engineers ({IEEE})},
  volume = {18},
  number = {1},
  pages = {236--262},
  author = {Rashid Mijumbi and Joan Serrat and Juan-Luis Gorricho and Niels Bouten and Filip De Turck and Raouf Boutaba},
  title = {Network Function Virtualization: State-of-the-Art and Research Challenges},
  journal = {{IEEE} Communications Surveys {\&} Tutorials}
}

@article{Eramo2016,
  doi = {10.1155/2016/7139852},
  url = {https://doi.org/10.1155/2016/7139852},
  year  = {2016},
  publisher = {Hindawi Limited},
  volume = {2016},
  pages = {1--12},
  author = {V. Eramo and A. Tosti and E. Miucci},
  title = {Server Resource Dimensioning and Routing of Service Function Chain in {NFV} Network Architectures},
  journal = {Journal of Electrical and Computer Engineering}
}

@article{AbuLebdeh2017,
  doi = {10.1109/tnsm.2017.2730199},
  url = {https://doi.org/10.1109/tnsm.2017.2730199},
  year  = {2017},
  month = {dec},
  publisher = {Institute of Electrical and Electronics Engineers ({IEEE})},
  volume = {14},
  number = {4},
  pages = {875--889},
  author = {Mohammad Abu-Lebdeh and Diala Naboulsi and Roch Glitho and Constant Wette Tchouati},
  title = {On the Placement of {VNF} Managers in Large-Scale and Distributed {NFV} Systems},
  journal = {{IEEE} Transactions on Network and Service Management}
}

@article{Ghaznavi2017,
  doi = {10.1109/jsac.2017.2760178},
  url = {https://doi.org/10.1109/jsac.2017.2760178},
  year  = {2017},
  month = {nov},
  publisher = {Institute of Electrical and Electronics Engineers ({IEEE})},
  volume = {35},
  number = {11},
  pages = {2479--2489},
  author = {Milad Ghaznavi and Nashid Shahriar and Shahin Kamali and Reaz Ahmed and Raouf Boutaba},
  title = {Distributed Service Function Chaining},
  journal = {{IEEE} Journal on Selected Areas in Communications}
}